@book{soul-on-ice,
  title={Soul On Ice}, 
  publisher={McGraw-Hill}, 
  author={Cleaver, Eldridge}, 
  year={1968}
} 

@book{soledad-brother, 
  title={Soledad Brother},
  publisher={Coward-MccCann}, 
  author={Jackson, George}, 
  year={1972}
} 

@book{life-of-paper, 
  place={Oakland, CA, California}, 
  title={The Life of Paper: Letters and a poetics of living beyond captivity}, 
  publisher={University of California Press}, 
  author={Luk, Sharon}, 
  year={2018}
} 

@book{letters-from-attica, 
  place={Chicago}, 
  title={Letters from Attica}, 
  publisher={Chicago Review Press}, 
  author={Melville, Samuel and Melville, Joshua}, 
  year={2022}} 

@book{oswald-attica, 
  place={Garden City, N.Y}, 
  title={Attica--my story by Russell G. Oswald. edited by Rodney Campbell}, 
  publisher={Doubleday}, 
  author={Oswald, Russell G.}, 
  year={1972}
} 

@book{attica-report, 
  title={Attica: The Official Report of the New York State Speical Commission on Attica}, 
  publisher={Bantam Book}, 
  year={1972}
} 

@book{blood-in-water, 
  place={New York, New York}, 
  title={Blood in the water: The attica prison uprising of 1971 and its legacy}, 
  publisher={Pantheon Books}, 
  author={Thompson, Heather Ann}, 
  year={2016}
} 
